<?xml version="1.0" encoding="UTF-8"?><collection xmlns="http://www.loc.gov/MARC21/slim"><record><leader>00483nam--2200169-i-4500</leader><controlfield tag="001">000039188</controlfield><controlfield tag="002">20161230</controlfield><controlfield tag="005">20161230201042</controlfield><controlfield tag="008">060222s1000------------r-----000-0-eng-d</controlfield><datafield ind1=" " ind2=" " tag="040"><subfield code="a">IFIN-HH</subfield></datafield><datafield ind1=" " ind2=" " tag="080"><subfield code="a">539.166</subfield></datafield><datafield ind1="1" ind2=" " tag="100"><subfield code="a">Ritzen,Benny</subfield></datafield><datafield ind1="1" ind2="0" tag="245"><subfield code="a">High-energy gamma radiation from heavy-ion fusiion reactions-studies and detector development</subfield><subfield code="c">Benny ritzen</subfield></datafield><datafield ind1=" " ind2=" " tag="260"><subfield code="a">Stochholm</subfield><subfield code="b">University</subfield><subfield code="c">1990</subfield></datafield><datafield ind1=" " ind2=" " tag="300"><subfield code="a">20 P</subfield></datafield><datafield ind1=" " ind2=" " tag="852"><subfield code="a">79237</subfield><subfield code="c">539.17</subfield></datafield><datafield ind1=" " ind2=" " tag="CAT"><subfield code="a">Sys</subfield><subfield code="c">20120628</subfield><subfield code="h">115721</subfield></datafield></record></collection>